@article{cleve2000introduction,
  title={An introduction to quantum complexity theory},
  author={Cleve, Richard},
  journal={Collected Papers on Quantum Computation and Quantum Information Theory},
  pages={103--127},
  year={2000}
}