@book{nielsen2001quantum,
  title={Quantum computation and quantum information},
  author={Nielsen, Michael A and Chuang, Isaac L},
  volume={2},
  year={2001},
  publisher={Cambridge university press Cambridge}
}

@book{shankar2012principles,
  title={Principles of quantum mechanics},
  author={Shankar, Ramamurti},
  year={2012},
  publisher={Springer Science \& Business Media}
}

@misc{lin2022lecture,
      title={Lecture Notes on Quantum Algorithms for Scientific Computation}, 
      author={Lin Lin},
      year={2022},
      eprint={2201.08309},
      archivePrefix={arXiv},
      primaryClass={quant-ph}
}

@misc{dewolf2023quantum,
      title={Quantum Computing: Lecture Notes}, 
      author={Ronald de Wolf},
      year={2023},
      eprint={1907.09415},
      archivePrefix={arXiv},
      primaryClass={quant-ph}
}