@inproceedings{Gily_n_2019, series={STOC ’19},
   title={Quantum singular value transformation and beyond: exponential improvements for quantum matrix arithmetics},
   url={http://dx.doi.org/10.1145/3313276.3316366},
   DOI={10.1145/3313276.3316366},
   booktitle={Proceedings of the 51st Annual ACM SIGACT Symposium on Theory of Computing},
   publisher={ACM},
   author={Gilyén, András and Su, Yuan and Low, Guang Hao and Wiebe, Nathan},
   year={2019},
   month=jun, collection={STOC ’19} }