@book{lidar2013quantum,
  title={Quantum error correction},
  author={Lidar, Daniel A and Brun, Todd A},
  year={2013},
  publisher={Cambridge university press}
}