@book{nielsen2001quantum,
  title={Quantum computation and quantum information},
  author={Nielsen, Michael A and Chuang, Isaac L},
  volume={2},
  year={2001},
  publisher={Cambridge university press Cambridge}
}

@book{shankar2012principles,
  title={Principles of quantum mechanics},
  author={Shankar, Ramamurti},
  year={2012},
  publisher={Springer Science \& Business Media}
}

@misc{lin2022lecture,
      title={Lecture Notes on Quantum Algorithms for Scientific Computation}, 
      author={Lin Lin},
      year={2022},
      eprint={2201.08309},
      archivePrefix={arXiv},
      primaryClass={quant-ph}
}

@misc{dewolf2023quantum,
      title={Quantum Computing: Lecture Notes}, 
      author={Ronald de Wolf},
      year={2023},
      eprint={1907.09415},
      archivePrefix={arXiv},
      primaryClass={quant-ph}
}

@book{qiskitextbook2023,   
    author = {various authors},   
    year = {2023},   
    title = {Qiskit Textbook},   
    publisher = {Github},   
    url = {https://github.com/Qiskit/textbook}, 
}

@article{shewchuk1994introduction,
  title={An introduction to the conjugate gradient method without the agonizing pain source},
  author={Shewchuk, J},
  journal={Technical Report, Carnegie Mellon Univ.},
  year={1994},
  publisher={Carnegie Mellon Univ.}
}

@article{harrow2009quantum,
  title={Quantum algorithm for linear systems of equations},
  author={Harrow, Aram W and Hassidim, Avinatan and Lloyd, Seth},
  journal={Physical review letters},
  volume={103},
  number={15},
  pages={150502},
  year={2009},
  publisher={APS}
}

@article{dewes2012characterization,
  title={Characterization of a two-transmon processor with individual single-shot qubit readout},
  author={Dewes, Andreas and Ong, Florian R and Schmitt, Vivien and Lauro, R and Boulant, N and Bertet, P and Vion, D and Esteve, D},
  journal={Physical review letters},
  volume={108},
  number={5},
  pages={057002},
  year={2012},
  publisher={APS}
}

@article{stamatopoulos2020option,
  title={Option pricing using quantum computers},
  author={Stamatopoulos, Nikitas and Egger, Daniel J and Sun, Yue and Zoufal, Christa and Iten, Raban and Shen, Ning and Woerner, Stefan},
  journal={Quantum},
  volume={4},
  pages={291},
  year={2020},
  publisher={Verein zur F{\"o}rderung des Open Access Publizierens in den Quantenwissenschaften}
}

@inproceedings{vazquez2020enhancing,
  title={Enhancing Quantum Linear System Algorithm by Richardson Extrapolation},
  author={Vazquez, Almudena Carrera and Frisch, Albert and Steenken, Dominik and Barowski, Harry and Hiptmair, Ralf and Woerner, Stefan},
  booktitle={American Physical Society (March Meeting)},
  year={2020}
}

@article{iten2019introduction,
  title={Introduction to universalqcompiler},
  author={Iten, Raban and Reardon-Smith, Oliver and Malvetti, Emanuel and Mondada, Luca and Pauvert, Gabrielle and Redmond, Ethan and Kohli, Ravjot Singh and Colbeck, Roger},
  journal={arXiv preprint arXiv:1904.01072},
  year={2019}
}

@misc{IBMWebsite,
  author = {IBM Quantum Experience},
  title = {IBM Quantum Experience},
  year = {2024},
  howpublished = {\url{https://quantum-computing.ibm.com/}},
  note = {Accessed: 2024-06-01}
}