@inproceedings{gilyen2019quantum,
  title={Quantum singular value transformation and beyond: exponential improvements for quantum matrix arithmetics},
  author={Gily{\'e}n, Andr{\'a}s and Su, Yuan and Low, Guang Hao and Wiebe, Nathan},
  booktitle={Proceedings of the 51st annual ACM SIGACT symposium on theory of computing},
  pages={193--204},
  year={2019}
}